<record><leader>00000cas a22000007a 4500</leader><controlfield tag="001">11758943</controlfield><controlfield tag="008">850304d18731880wiuwr ne      0    0eng d</controlfield><datafield ind1=" " ind2=" " tag="010"><subfield code="a">sn 85040201 </subfield></datafield><datafield ind1=" " ind2=" " tag="040"><subfield code="a">NPV</subfield><subfield code="b">eng</subfield><subfield code="c">NPV</subfield><subfield code="d">OCLCQ</subfield></datafield><datafield ind1=" " ind2=" " tag="042"><subfield code="a">msc</subfield></datafield><datafield ind1=" " ind2=" " tag="043"><subfield code="a">n-us-wi</subfield></datafield><datafield ind1=" " ind2=" " tag="045"><subfield code="a">w7w8</subfield></datafield><datafield ind1=" " ind2=" " tag="052"><subfield code="a">4123</subfield><subfield code="b">D6</subfield></datafield><datafield ind1="0" ind2=" " tag="130"><subfield code="a">Expositor (Sturgeon Bay, Wis.)</subfield></datafield><datafield ind1="1" ind2="4" tag="245"><subfield code="a">The expositor.</subfield></datafield><datafield ind1=" " ind2=" " tag="260"><subfield code="a">Sturgeon Bay, Wis. :</subfield><subfield code="b">Pinney &amp; Co.,</subfield><subfield code="c">1873-1880.</subfield></datafield><datafield ind1=" " ind2=" " tag="300"><subfield code="a">7 v.</subfield></datafield><datafield ind1=" " ind2=" " tag="310"><subfield code="a">Weekly</subfield></datafield><datafield ind1="0" ind2=" " tag="362"><subfield code="a">Vol. 1, no. 1 (Oct. 24, 1873)-v. 7, no. 37 (June 25, 1880).</subfield></datafield><datafield ind1=" " ind2=" " tag="500"><subfield code="a">Publisher varies.</subfield></datafield><datafield ind1=" " ind2=" " tag="500"><subfield code="a">Editor: C.I. Martin, May 11, 1877-June 25, 1880.</subfield></datafield><datafield ind1=" " ind2=" " tag="525"><subfield code="a">Supplements accompany some issues.</subfield></datafield><datafield ind1=" " ind2=" " tag="530"><subfield code="a">Available on microfilm from The State Historical Society of Wisconsin.</subfield></datafield><datafield ind1=" " ind2=" " tag="752"><subfield code="a">United States</subfield><subfield code="b">Wisconsin</subfield><subfield code="c">Door</subfield><subfield code="d">Sturgeon Bay.</subfield></datafield><datafield ind1="0" ind2="0" tag="785"><subfield code="t">Weekly expositor</subfield><subfield code="w">(DLC)sn 85040202</subfield></datafield><datafield ind1="1" ind2=" " tag="029"><subfield code="a">AU@</subfield><subfield code="b">000025797898</subfield></datafield></record>